<?xml version="1.0" encoding="UTF-8"?><collection xmlns="http://www.loc.gov/MARC21/slim"><record><leader>00467nam--2200145-i-4500</leader><controlfield tag="001">000016669</controlfield><controlfield tag="002">20161230</controlfield><controlfield tag="005">20161230201031</controlfield><controlfield tag="008">060222s1000------------r-----000-0-eng-d</controlfield><datafield ind1=" " ind2=" " tag="080"><subfield code="a">538.945(043)</subfield></datafield><datafield ind1=" " ind2=" " tag="100"><subfield code="a">Nita, C. Petru</subfield></datafield><datafield ind1=" " ind2=" " tag="245"><subfield code="a">Microstructura materialelor supraconductoare de temperaturi inalte. rezumatul tezei</subfield></datafield><datafield ind1=" " ind2=" " tag="260"><subfield code="a">Bucuresti, Institutul De Fizica Atomica, 1998. 33 P</subfield></datafield><datafield ind1=" " ind2=" " tag="653"><subfield code="a">Electromagnetism, Superconductivity, Microstructure</subfield></datafield><datafield ind1=" " ind2=" " tag="852"><subfield code="a">80859</subfield></datafield></record></collection>